@manual{sample,
  organization = {TU Dortmund, Fakultät Physik},
  title = {Versuchstitel},
  year = 2019
}
@manual{Anleitung46,
  organization = {TU Dortmund, Fakultät Physik},
  title = {V46 - Faraday-Effekt an Halbleitern},
  year = 2019
}
@manual{Anleitung21,
  organization = {TU Dortmund, Fakultät Physik},
  title = {21 - Optisches Pumpen},
  year = 2018
}
@book{Demtröder3,
  title = "Experimentalphysik 3 - Atome, Moleküle und Festkörper",
  author = "Demtröder, Wolfgang",
  edition = "5",
  year = "2016",
  publisher = "Springer",
}
@online{RubidiumSpin,
  author = "spektrum.de",
  title = "Rubidium",
  URL = "https://www.spektrum.de/lexikon/physik/rubidium/12616",
  website = "Lexikon der Physik",
  urldate = {09-05-2023},
}